@article{Amin_Aminimehr_Comprehensive,
  title={A Comprehensive Study of Market Prediction from Efficient Market Hypothesis up to Late Intelligent Market Prediction Approaches},
  author={Aminimehr, Amin and Raoofi, Ali and Aminimehr, Akbar and Aminimehr, Amirhossein},
  journal={Computational Economics},
  volume={60},
  number={2},
  pages={781--815},
  year={2022},
  publisher={Springer}
}

@article{ENFNASOC,
  title={A fast learning algorithm for evolving neo-fuzzy neuron},
  author={Silva, Alisson Marques and Caminhas, Walmir and Lemos, Andre and Gomide, Fernando},
  journal={Applied Soft Computing},
  volume={14},
  pages={194--209},
  year={2014},
  publisher={Elsevier}
}

@article{C_Veeramani_Exploration,
  title={An Exploration of the Fuzzy Inference System for the Daily Trading Decision and Its Performance Analysis Based on Fuzzy MCDM Methods},
  author={Veeramani, C and Venugopal, R and Muruganandan, S},
  journal={Computational Economics},
  pages={1--28},
  year={2022},
  publisher={Springer}
}

@inproceedings{Leonardo_Comparative,
  title={Comparative study of bitcoin price prediction using wavenets, recurrent neural networks and other machine learning methods},
  author={Felizardo, Leonardo and Oliveira, Roberth and Del-Moral-Hernandez, Emilio and Cozman, Fabio},
  booktitle={2019 6th International Conference on Behavioral, Economic and Socio-Cultural Computing (BESC)},
  pages={1--6},
  year={2019},
  organization={IEEE}
}

@article{Anand_Comparison,
  title={Comparison of stock price prediction models using pre-trained neural networks},
  author={Anand, C},
  journal={Journal of Ubiquitous Computing and Communication Technologies (UCCT)},
  volume={3},
  number={02},
  pages={122--134},
  year={2021}
}

@inproceedings{Jerzy_Deep,
  title={Deep learning for financial time series forecasting in a-trader system},
  author={Korczak, Jerzy and Hemes, Marcin},
  booktitle={2017 Federated Conference on Computer Science and Information Systems (FedCSIS)},
  pages={905--912},
  year={2017},
  organization={IEEE}
}

@article{Li-Xin_Fast,
  title={Fast training algorithms for deep convolutional fuzzy systems with application to stock index prediction},
  author={Wang, Li-Xin},
  journal={IEEE Transactions on fuzzy systems},
  volume={28},
  number={7},
  pages={1301--1314},
  year={2019},
  publisher={IEEE}
}

@article{Damba_Finite,
  title={Finite-State Markov Chains with Flexible Distributions},
  author={Lkhagvasuren, Damba and Bataa, Erdenebat},
  journal={Computational Economics},
  volume={61},
  number={2},
  pages={611--644},
  year={2023},
  publisher={Springer}
}

@article{Jian_Forecasting,
  title={Forecasting the dynamic correlation of stock indices based on deep learning method},
  author={Ni, Jian and Xu, Yue},
  journal={Computational Economics},
  pages={1--21},
  year={2021},
  publisher={Springer}
}

@article{Gumsong_Fuzzy,
  title={Fuzzy Portfolio Selection Using Stochastic Correlation},
  author={Jo, Gumsong and Kim, Hyokil and Kim, Hoyong and Ri, Gyongho},
  journal={Computational Economics},
  pages={1--17},
  year={2023},
  publisher={Springer}
}

@article{Faramarz_Integrating,
  title={Integrating wavelet decomposition and fuzzy transformation for improving the accuracy of forecasting crude oil price},
  author={Saghi, Faramarz and Jahangoshai Rezaee, Mustafa},
  journal={Computational Economics},
  pages={1--33},
  year={2021},
  publisher={Springer}
}

@article{Morettin_Modelling,
  title={Modelling and forecasting linear combinations of time series},
  author={Pino, Francisco A and Morettin, Pedro A and Mentz, Ra{\'u}l P},
  journal={International Statistical Review/Revue Internationale de Statistique},
  pages={295--313},
  year={1987},
  publisher={JSTOR}
}

@article{Firat,
  title={Statistical Evaluation of Deep Learning Models for Stock Return Forecasting},
  author={Yilmaz, Firat Melih and Yildiztepe, Engin},
  journal={Computational Economics},
  pages={1--24},
  year={2022},
  publisher={Springer}
}

@article{Crude_Integrating,
  title={Integrating wavelet decomposition and fuzzy transformation for improving the accuracy of forecasting crude oil price},
  author={Saghi, Faramarz and Jahangoshai Rezaee, Mustafa},
  journal={Computational Economics},
  pages={1--33},
  year={2021},
  publisher={Springer}
}

@article{Zhicheng_Multi-Scale,
  title={Multi-scale convolutional neural networks for time series classification},
  author={Cui, Zhicheng and Chen, Wenlin and Chen, Yixin},
  journal={arXiv preprint arXiv:1603.06995},
  year={2016}
}

@article{Sirisha_Multivariate,
  title={Multivariate Time Series Sensor Feature Forecasting Using Deep Bidirectional LSTM},
  author={Sirisha, B and Naveena, Surakanti and Palanki, Greeshma and Snehaa, Pottipally},
  journal={Procedia Computer Science},
  volume={218},
  pages={1374--1383},
  year={2023},
  publisher={Elsevier}
}

@article{Xiaoci_Predicting,
  title={Predicting stock price movement using a DBN-RNN},
  author={Zhang, Xiaoci and Gu, Naijie and Chang, Jie and Ye, Hong},
  journal={Applied Artificial Intelligence},
  volume={35},
  number={12},
  pages={876--892},
  year={2021},
  publisher={Taylor \& Francis}
}

@article{Xueli_Robust,
  title={Robust Recurrent Neural Networks for Time Series Forecasting},
  author={Zhang, Xueli and Zhong, Cankun and Zhang, Jianjun and Wang, Ting and Ng, Wing WY},
  journal={Neurocomputing},
  year={2023},
  publisher={Elsevier}
}

@article{Chaojie_Stock,
  title={Stock market index prediction using deep Transformer model},
  author={Wang, Chaojie and Chen, Yuanyuan and Zhang, Shuqi and Zhang, Qiuhui},
  journal={Expert Systems with Applications},
  volume={208},
  pages={118128},
  year={2022},
  publisher={Elsevier}
}

@inproceedings{Hao_Stock,
  title={Stock price prediction using attention-based multi-input LSTM},
  author={Li, Hao and Shen, Yanyan and Zhu, Yanmin},
  booktitle={Asian conference on machine learning},
  pages={454--469},
  year={2018},
  organization={PMLR}
}

@article{Gourav_Swarm,
  title={Swarm intelligence based hybrid neural network approach for stock price forecasting},
  author={Kumar, Gourav and Singh, Uday Pratap and Jain, Sanjeev},
  journal={Computational Economics},
  pages={1--49},
  year={2022},
  publisher={Springer}
}

@article{Zongxin_Tail,
  title={Tail risk early warning system for capital markets based on machine learning algorithms},
  author={Zhang, Zongxin and Chen, Ying},
  journal={Computational Economics},
  volume={60},
  number={3},
  pages={901--923},
  year={2022},
  publisher={Springer}
}

@article{Manrui_two-stage,
  title={The two-stage machine learning ensemble models for stock price prediction by combining mode decomposition, extreme learning machine and improved harmony search algorithm},
  author={Jiang, Manrui and Jia, Lifen and Chen, Zhensong and Chen, Wei},
  journal={Annals of Operations Research},
  pages={1--33},
  year={2022},
  publisher={Springer}
}

@article{Ciniro_Econometric,
  title={Use of econometric predictors and artificial neural networks for the construction of stock market investment bots},
  author={Nametala, Ciniro AL and Souza, Jonas Villela de and Pimenta, Alexandre and Carrano, Eduardo Gontijo},
  journal={Computational Economics},
  volume={61},
  number={2},
  pages={743--773},
  year={2023},
  publisher={Springer}
}

@article{Fama_EFFICIENT,
  title={Efficient capital markets: A review of theory and empirical work},
  author={Fama, Eugene F},
  journal={The journal of Finance},
  volume={25},
  number={2},
  pages={383--417},
  year={1970},
  publisher={JSTOR}
}

@article{Gorton_Facts1,
  title={Facts and fantasies about commodity futures},
  author={Gorton, Gary and Rouwenhorst, K Geert},
  journal={Financial Analysts Journal},
  volume={62},
  number={2},
  pages={47--68},
  year={2006},
  publisher={Taylor \& Francis}
}
@techreport{Gorton_Facts2,
  title={Facts and fantasies about commodity futures ten years later},
  author={Bhardwaj, Geetesh and Gorton, Gary and Rouwenhorst, Geert},
  year={2015},
  institution={National Bureau of Economic Research}
}

@article{John_Dow,
  title={The dow jones industrial average: the impact of fixing its flaws},
  author={Shoven, John B and Sialm, Clemens},
  journal={Journal of Wealth Management},
  volume={3},
  number={3},
  pages={9--18},
  year={2000},
  publisher={Citeseer}
}

@incollection{Paul_Proof,
  title={Proof that properly anticipated prices fluctuate randomly},
  author={Samuelson, Paul A},
  booktitle={The world scientific handbook of futures markets},
  pages={25--38},
  year={2016},
  publisher={World Scientific}
}

@article{CAJUEIRO2004521,
  title={The Hurst exponent over time: testing the assertion that emerging markets are becoming more efficient},
  author={Cajueiro, Daniel O and Tabak, Benjamin M},
  journal={Physica A: statistical mechanics and its applications},
  volume={336},
  number={3-4},
  pages={521--537},
  year={2004},
  publisher={Elsevier}
}

@article{BARBERIS1998307,
  title={A model of investor sentiment1We are grateful to the NSF for financial support, and to Oliver Blanchard, Alon Brav, John Campbell (a referee), John Cochrane, Edward Glaeser, JB Heaton, Danny Kahneman, David Laibson, Owen Lamont, Drazen Prelec, Jay Ritter (a referee), Ken Singleton, Dick Thaler, an anonymous referee, and the editor, Bill Schwert, for comments. 1},
  author={Nicholas, Barberis and Andrei, Shleifer and Robert, Vishny},
  journal={Journal of Financial Economics},
  volume={49},
  number={3},
  pages={307--343},
  year={1998},
  publisher={Elsevier BV}
}

@article{KANIEL_Individual,
  title={Individual investor trading and stock returns},
  author={Kaniel, Ron and Saar, Gideon and Titman, Sheridan},
  journal={The Journal of finance},
  volume={63},
  number={1},
  pages={273--310},
  year={2008},
  publisher={Wiley Online Library}
}

@article{Gonzalo_Estimation1,
  title={Estimation of common long-memory components in cointegrated systems},
  author={Gonzalo, Jesus and Granger, Clive},
  journal={Journal of Business \& Economic Statistics},
  volume={13},
  number={1},
  pages={27--35},
  year={1995},
  publisher={Taylor \& Francis}
}
@article{Gonzalo_Estimation2,
  title={The Making of “Estimation of Common Long-Memory Components in Cointegrated Systems”},
  author={Gonzalo, Jes{\'u}s},
  journal={Journal of Financial Econometrics},
  volume={8},
  number={2},
  pages={174--176},
  year={2010},
  publisher={Oxford University Press}
}

@article{french2006dutch,
  title={The Dutch monetary environment during tulipmania},
  author={French, Doug},
  journal={Quarterly Journal of Austrian Economics},
  volume={9},
  number={1},
  pages={3},
  year={2006},
  publisher={SPRINGER SCIENCE+ BUSINESS MEDIA}
}

@article{SENTIMENTALWILLSON,
  title={Recognizing contextual polarity: An exploration of features for phrase-level sentiment analysis},
  author={Wilson, Theresa and Wiebe, Janyce and Hoffmann, Paul},
  journal={Computational linguistics},
  volume={35},
  number={3},
  pages={399--433},
  year={2009},
  publisher={MIT Press One Rogers Street, Cambridge, MA 02142-1209, USA}
}


@article{SENTIMENTAL1,
  title={Analyzing stock market movements using twitter sentiment analysis},
  author={Rao, Tushar and Srivastava, Saket},
  year={2012},
  publisher={IEEE Computer Society}
}

@article{SENTIMENTAL2,
  title={Twitter mood predicts the stock market},
  author={Bollen, Johan and Mao, Huina and Zeng, Xiaojun},
  journal={Journal of computational science},
  volume={2},
  number={1},
  pages={1--8},
  year={2011},
  publisher={Elsevier}
}

@inproceedings{SALMAN2012regression,
  title={Regression as classification},
  author={Salman, Raied and Kecman, Vojislav},
  booktitle={2012 Proceedings of IEEE Southeastcon},
  pages={1--6},
  year={2012},
  organization={IEEE}
}

@inproceedings{SENTIMENTAL3,
  title={Topic modeling based sentiment analysis on social media for stock market prediction},
  author={Nguyen, Thien Hai and Shirai, Kiyoaki},
  booktitle={Proceedings of the 53rd Annual Meeting of the Association for Computational Linguistics and the 7th International Joint Conference on Natural Language Processing (Volume 1: Long Papers)},
  pages={1354--1364},
  year={2015}
}

@mastersthesis{Vinícius_Sistemas,
    author={Vinícius Luiz do Amaral},
    title={Sistemas Fuzzy Evolutivos na Previsão e Recomendação de Investimentos em Criptomoedas},
    school={Centro Federal de Educação Tecnológica de Minas Gerais},
    address={Belo Horizonte - MG},
    pages={128},
    year={2021}
}

@PHDTHESIS{Charlene,
    author={Charlene Cássia de Resende},
    title={Modelos Matemático-computacional Para Previsão de Tendência de Preços: Abordagem com Múltiplos Ativos Buscando Oportunidades em Desvios da Hipótese de Mercado Eficiente},
    school={Centro Federal de Educação Tecnológica de Minas Gerais},
    address={Belo Horizonte - MG},
    pages={138},
    year={2021}
}


@book{MALKIEL2003,
  title={A random walk down Wall Street : the time-tested strategy for successful investing},
  author={BURTON GORDON MALKIEL},
  year={2003},
  publisher={New York: W.W. Norton \& Company, 2019.}
}

@book{Richard1986,
  title={Dow Jones industrial average : history and role in an investment strategy},
  author={Richard J. Stillman},
  year={1986},
  publisher={Homewood, Ill. : Dow Jones-Irwin}
}

@book{Shiller2000,
  title={Irrational Exuberance},
  author={Robert J. Shiller},
  year={2000},
  publisher={Princeton: Princeton University Press}
}

@book{John2000,
  title={Common sense on mutual funds: New imperatives for the intelligent investor},
  author={Bogle, John C},
  year={1999},
  publisher={John Wiley \& Sons}
}

@book{UNCTAD2020,
  title={International Production Beyond the Pandemic},
  author={UNCTAD},
  isbn={978-92-1-112985-4},
  year={2020},
  publisher={World Investment Report 2020}
}

@book{MORRIS1994,
  title={Candlestick Charting Explained: Timeless Techniques for Trading Stocks and Futures: Timeless Techniques for Trading Stocks and Sutures},
  author={Gregory L. Morris},
  isbn={978-0071461542},
  year={1994},
  publisher={McGraw-Hill Companies}
}

@book{GRAHAM1934,
  title={Security Analysis: The Classic 1934 Edition},
  author={Graham and B. and Dodd and D.L.F.},
  isbn={9780070244962},
  lccn={34023635},
  year={1934},
  publisher={McGraw-Hill Education}
}

@book{mercado,
  title={Mercado financeiro},
  author={Osias Santana de Brito},
  year={2019},
  publisher={Saraiva Educa{\c{c}}{\~a}o SA}
}

@book{TING2015,
  title={Introduction To Quantitative Finance, An: A Three-principle Approach},
  author={Ting, C.H.},
  isbn={9789814704328},
  year={2015},
  publisher={World Scientific Publishing Company}
}

@book{CAVALCANTE2005,
  title={Mercado de capitais: o que {\'e}, como funciona},
  author={Cavalcante, Francisco and Misumi, Jorge Yoshio and Rudge, Luiz Fernando},
  year={2005},
  publisher={Elsevier}
}

@book{candle:1997,
  title={Yin Xian Yang Xian = Japanese candlestick charting techniques: A contemporary guide to the ancient investment techniques of the Far East},
  author={Steve Nison},
  isbn={9780139316500},
  year={1997},
  publisher={New York Institute Of Finance}
}


@MISC{XP:2023,
    organization = {Expert XP},
    year = {2023},
    title = {Pessoas físicas na Bolsa: Mercado de ações brasileiro em contínua evolução},
    org-short = {XP},
    howpublished = "\url{https://conteudos.xpi.com.br/acoes/relatorios/pessoas-fisicas-na-bolsa-mercado-de-acoes-brasileiro-em-continua-evolucao/}",
}


@MISC{trade_mental:2022,
    organization = {Trade Mental},
    year = {2022},
    title = {Padrões de Candlesticks – Os 10 Mais Importantes},
    howpublished = "\url{https://trademental.com/padroes-candlesticks/}",
}

@MISC{B3:2023,
    organization = {Bolsa de Valores Brasileira (B3)},
    year = {2023},
    title = {Número de investidores na B3 cresce mesmo em cenário de alta volatilidade},
    org-short = {B3},
    howpublished = "\url{https://www.b3.com.br/pt_br/noticias/numero-de-investidores-na-b3-cresce-mesmo-em-cenario-de-alta-volatilidade}",
}

@MISC{B3H:2023,
    organization = {Bolsa de Valores Brasileira (B3)},
    year = {2023},
    title = {Horários de negociação no mercado de ações (mercado de Bolsa)},
    org-short = {B3},
    howpublished = "\url{https://www.b3.com.br/pt_br/solucoes/plataformas/puma-trading-system/para-participantes-e-traders/horario-de-negociacao/acoes/}",
}
@MISC{Diego:2020,
    organization = {Diego Nogari},
    year = {2020},
    title = {Performance de Machine Learning – Matriz de Confusão},
    howpublished = "\url{https://diegonogare.net/2020/04/performance-de-machine-learning-matriz-de-confusao/}",
}

@article{ben2017exchange,
  title={Exchange-traded funds},
  author={Itzhak Ben-David and Francesco Franzoni and Rabih Moussawi},
  journal={Annual Review of Financial Economics},
  volume={9},
  pages={169--189},
  year={2017},
  publisher={Annual Reviews}
}

@article{gad2019diversification,
  title={Diversification benefits of Shari'ah compliant equity ETFs in emerging markets},
  author={Gad, Samar and Andrikopoulos, Panagiotis},
  journal={Pacific-Basin Finance Journal},
  volume={53},
  pages={133--144},
  year={2019},
  publisher={Elsevier}
}

@article{mussa2010hipotese,
  title={Hip{\'o}tese de mercados eficientes e finan{\c{c}}as comportamentais: as discuss{\~o}es persistem},
  author={Mussa, Adriano and Edward, YANG and Trov{\~a}o, Ricardo and Rubens, FAM{\'A}},
  journal={FACEF Pesquisa-Desenvolvimento e Gest{\~a}o},
  volume={11},
  number={1},
  year={2010}
}

@article{vadlamudi2017stock,
  title={Stock Market Prediction using Machine Learning: A Systematic Literature Review},
  author={Vadlamudi, Siddhartha},
  journal={American Journal of Trade and Policy},
  volume={4},
  number={3},
  pages={123--128},
  year={2017}
}

@article{agrawal2022stock,
  title={Stock prediction based on technical indicators using deep learning model},
  author={Agrawal, Manish and Shukla, Piyush Kumar and Nair, Rajit and Nayyar, Anand and Masud, Mehedi},
  journal={Computers, Materials \& Continua},
  volume={70},
  number={1},
  pages={287--304},
  year={2022}
}

@book{bulkowski2012encyclopedia,
  title={Encyclopedia of candlestick charts},
  author={Bulkowski, Thomas N},
  year={2012},
  publisher={John Wiley \& Sons}
}

@article{sagi2018ensemble,
  title={Ensemble learning: A survey},
  author={Sagi, Omer and Rokach, Lior},
  journal={Wiley Interdisciplinary Reviews: Data Mining and Knowledge Discovery},
  volume={8},
  number={4},
  pages={e1249},
  year={2018},
  publisher={Wiley Online Library}
}

@article{dwivedi2021artificial,
  title={Artificial Intelligence (AI): Multidisciplinary perspectives on emerging challenges, opportunities, and agenda for research, practice and policy},
  author={Dwivedi, Yogesh K and Hughes, Laurie and Ismagilova, Elvira and Aarts, Gert and Coombs, Crispin and Crick, Tom and Duan, Yanqing and Dwivedi, Rohita and Edwards, John and Eirug, Aled and others},
  journal={International Journal of Information Management},
  volume={57},
  pages={101994},
  year={2021},
  publisher={Elsevier}
}

@article{kumar2020data,
  title={Data mining based marketing decision support system using hybrid machine learning algorithm},
  author={Kumar, T Senthil},
  journal={Journal of Artificial Intelligence},
  volume={2},
  number={03},
  pages={185--193},
  year={2020}
}

@article{kaur2019systematic,
  title={A systematic review on imbalanced data challenges in machine learning: Applications and solutions},
  author={Kaur, Harsurinder and Pannu, Husanbir Singh and Malhi, Avleen Kaur},
  journal={ACM Computing Surveys (CSUR)},
  volume={52},
  number={4},
  pages={1--36},
  year={2019},
  publisher={ACM New York, NY, USA}
}

@article{tomasevic2020overview,
  title={An overview and comparison of supervised data mining techniques for student exam performance prediction},
  author={Tomasevic, Nikola and Gvozdenovic, Nikola and Vranes, Sanja},
  journal={Computers \& education},
  volume={143},
  pages={103676},
  year={2020},
  publisher={Elsevier}
}

@article{altan2019effect,
  title={The effect of kernel values in support vector machine to forecasting performance of financial time series},
  author={Altan, Ayta{\c{c}} and Karasu, Se{\c{c}}kin},
  journal={The Journal of Cognitive Systems},
  volume={4},
  number={1},
  pages={17--21},
  year={2019}
}

@article{halil2019predicting,
  title={Predicting the turkish stock market bist 30 index using deep learning},
  author={Halil, RA{\c{S}}O and Demirci, Mehmet},
  journal={International Journal of Engineering Research and Development},
  volume={11},
  number={1},
  pages={253--265},
  year={2019}
}

@inproceedings{gao2021stock,
  title={Stock price prediction with arima and deep learning models},
  author={Gao, Zihao},
  booktitle={2021 IEEE 6th International Conference on Big Data Analytics (ICBDA)},
  pages={61--68},
  year={2021},
  organization={IEEE}
}

@article{ampomah2020evaluation,
  title={Evaluation of tree-based ensemble machine learning models in predicting stock price direction of movement},
  author={Ampomah, Ernest Kwame and Qin, Zhiguang and Nyame, Gabriel},
  journal={Information},
  volume={11},
  number={6},
  pages={332},
  year={2020},
  publisher={MDPI}
}

@article{jiang2020improved,
  title={An improved Stacking framework for stock index prediction by leveraging tree-based ensemble models and deep learning algorithms},
  author={Jiang, Minqi and Liu, Jiapeng and Zhang, Lu and Liu, Chunyu},
  journal={Physica A: Statistical Mechanics and its Applications},
  volume={541},
  pages={122--272},
  year={2020},
  publisher={Elsevier}
}

@phdthesis{anwar2019forecasting,
  title={Forecasting stock market prices using advanced tools of machine learning},
  author={Anwar, Md Tawhid and Rahman, Saidur},
  year={2019},
  school={Brac University}
}

@article{pabucccu2023forecasting,
  title={Forecasting the movements of Bitcoin prices: an application of machine learning algorithms},
  author={Pabu{\c{c}}cu, Hakan and Ongan, Serdar and Ongan, Ayse},
  journal={arXiv preprint arXiv:2303.04642},
  year={2023}
}

@article{lee2021exploring,
  title={Exploring the effectiveness of deep neural networks with technical analysis applied to stock market prediction},
  author={Lee, Ming-Che and Chang, Jia-Wei and Hung, Jason C and Chen, Bae-Ling},
  journal={Computer Science and Information Systems},
  volume={18},
  number={2},
  pages={401--418},
  year={2021}
}

@article{meyer2019importance,
  title={Importance of spatial predictor variable selection in machine learning applications--Moving from data reproduction to spatial prediction},
  author={Meyer, Hanna and Reudenbach, Christoph and W{\"o}llauer, Stephan and Nauss, Thomas},
  journal={Ecological Modelling},
  volume={411},
  pages={108815},
  year={2019},
  publisher={Elsevier}
}

@article{fisher1936use,
  title={The use of multiple measurements in taxonomic problems},
  author={Fisher, Ronald A},
  journal={Annals of eugenics},
  volume={7},
  number={2},
  pages={179--188},
  year={1936},
  publisher={Wiley Online Library}
}

@article{gini1921measurement,
  title={Measurement of inequality of incomes},
  author={Gini, Corrado},
  journal={The economic journal},
  volume={31},
  number={121},
  pages={124--125},
  year={1921},
  publisher={Oxford University Press Oxford, UK}
}

@article{pearson1900x,
  title={X. On the criterion that a given system of deviations from the probable in the case of a correlated system of variables is such that it can be reasonably supposed to have arisen from random sampling},
  author={Pearson, Karl},
  journal={The London, Edinburgh, and Dublin Philosophical Magazine and Journal of Science},
  volume={50},
  number={302},
  pages={157--175},
  year={1900},
  publisher={Taylor \& Francis}
}

@INPROCEEDINGS{gabriel2023neo,
    AUTHOR="Gabriel Rosa",
    TITLE="Buying and Selling Decision in the Brazilian Stock Exchange Financial Market by a Neo Fuzzy Neuron (NFN) Applied to the Hurwicz Criterion",
    BOOKTITLE="CSBC 2023 - BWAIF 2023",
    ADDRESS="João Pessoa, Paraiba",
    DAYS="6-11",
    MONTH="aug",
    YEAR="2023",
}

@article{peng2021feature,
  title={Feature selection and deep neural networks for stock price direction forecasting using technical analysis indicators},
  author={Peng, Yaohao and Albuquerque, Pedro Henrique Melo and Kimura, Herbert and Saavedra, Cayan Atreio Portela B{\'a}rcena},
  journal={Machine Learning with Applications},
  volume={5},
  pages={100060},
  year={2021},
  publisher={Elsevier}
}

@article{ji2022adaptive,
  title={An adaptive feature selection schema using improved technical indicators for predicting stock price movements},
  author={Ji, Gang and Yu, Jingmin and Hu, Kai and Xie, Jie and Ji, Xunsheng},
  journal={Expert Systems with Applications},
  volume={200},
  pages={116941},
  year={2022},
  publisher={Elsevier}
}

@article{breiman2001random,
  title={Random forests},
  author={Breiman, Leo},
  journal={Machine learning},
  volume={45},
  pages={5--32},
  year={2001},
  publisher={Springer}
}

@inproceedings{muthukrishnan2016lasso,
  title={LASSO: A feature selection technique in predictive modeling for machine learning},
  author={Muthukrishnan, R and Rohini, R},
  booktitle={2016 IEEE international conference on advances in computer applications (ICACA)},
  pages={18--20},
  year={2016},
  organization={IEEE}
}

@article{amini2021two,
  title={A two-layer feature selection method using genetic algorithm and elastic net},
  author={Amini, Fatemeh and Hu, Guiping},
  journal={Expert Systems with Applications},
  volume={166},
  pages={114072},
  year={2021},
  publisher={Elsevier}
}

@article{sermpinis2018modelling,
  title={Modelling market implied ratings using LASSO variable selection techniques},
  author={Sermpinis, Georgios and Tsoukas, Serafeim and Zhang, Ping},
  journal={Journal of Empirical Finance},
  volume={48},
  pages={19--35},
  year={2018},
  publisher={Elsevier}
}

@article{zhang2023forecasting,
  title={Forecasting crude oil market volatility using variable selection and common factor},
  author={Zhang, Yaojie and Wahab, MIM and Wang, Yudong},
  journal={International Journal of Forecasting},
  volume={39},
  number={1},
  pages={486--502},
  year={2023},
  publisher={Elsevier}
}

@article{kruskal1952use,
  title={Use of ranks in one-criterion variance analysis},
  author={Kruskal, William H and Wallis, W Allen},
  journal={Journal of the American statistical Association},
  volume={47},
  number={260},
  pages={583--621},
  year={1952},
  publisher={Taylor \& Francis}
}

@article{kraskov2004estimating,
  title={Estimating mutual information},
  author={Kraskov, Alexander and St{\"o}gbauer, Harald and Grassberger, Peter},
  journal={Physical review E},
  volume={69},
  number={6},
  pages={066138},
  year={2004},
  publisher={APS}
}

@inproceedings{zhao2019maximum,
  title={Maximum relevance and minimum redundancy feature selection methods for a marketing machine learning platform},
  author={Zhao, Zhenyu and Anand, Radhika and Wang, Mallory},
  booktitle={2019 IEEE international conference on data science and advanced analytics (DSAA)},
  pages={442--452},
  year={2019},
  organization={IEEE}
}

@THESIS{Waldir,
     address = {Coronel Fabriciano},
     author = {Waldir De Oliveira Pinto},
     school = {Centro Universitário do Leste de Minas Gerais},
     title = {Previsão de séries temporais com redes neurais artificiais aplicada à demanda},
     type = {Monografia (Bacharel em Sistemas de Informação},
     year = {2009}
 }

 @book{matsura2017comprar,
  title={Comprar ou vender?: como investir na bolsa utilizando an{\'a}lise gr{\'a}fica},
  author={MATSURA, EDUARDO KOITI},
  year={2017},
  publisher={Saraiva Educa{\c{c}}{\~a}o SA}
}

@article{igarashi2021analise,
  title={An{\'a}lise de sentimentos e indicadores t{\'e}cnicos: uma an{\'a}lise da correla{\c{c}}{\~a}o dos pre{\c{c}}os de ativos com a polaridade de not{\'\i}cias do mercado de a{\c{c}}{\~o}es},
  author={Igarashi, Wagner and Valdevieso, Guilherme Soares and Igarashi, Deisy Cristina Corr{\^e}a},
  journal={Brazilian Journal of Business},
  volume={3},
  number={1},
  pages={470--486},
  year={2021}
}

@article{ELLIS2005399,
    title = {Is smarter better? A comparison of adaptive, and simple moving average trading strategies},
    journal = {Research in International Business and Finance},
    volume = {19},
    number = {3},
    pages = {399-411},
    year = {2005},
    issn = {0275-5319},
    doi = {https://doi.org/10.1016/j.ribaf.2004.12.009},
    author = {Craig A. Ellis and Simon A. Parbery},
}

@inproceedings{chantarakasemchit2020forex,
  title={Forex rates prediction on EUR/USD with simple moving average technique and financial factors},
  author={Chantarakasemchit, Orawan and Nuchitprasitchai, Siranee and Nilsiam, Yuenyong},
  booktitle={2020 17th International Conference on Electrical Engineering/Electronics, Computer, Telecommunications and Information Technology (ECTI-CON)},
  pages={771--774},
  year={2020},
  organization={IEEE}
}

@inproceedings{handayani2019longer,
  title={Longer time frame concept for foreign exchange trading indicator using matrix correlation technique},
  author={Handayani, Indri and Rahardja, Untung and Febriyanto, Erick and Yulius, Handy and Aini, Qurotul},
  booktitle={2019 Fourth International Conference on Informatics and Computing (ICIC)},
  pages={1--5},
  year={2019},
  organization={IEEE}
}

@article{ANBALAGAN2015214,
    title = {Classification and Prediction of Stock Market Index Based on Fuzzy Metagraph},
    journal = {Procedia Computer Science},
    volume = {47},
    pages = {214-221},
    year = {2015},
    issn = {1877-0509},
    doi = {https://doi.org/10.1016/j.procs.2015.03.200},
    author = {Thirunavukarasu Anbalagan and S. Uma Maheswari}
}

@article{ananthi2021retracted,
  title={Retracted article: stock market analysis using candlestick regression and market trend prediction (CKRM)},
  author={Ananthi, M and Vijayakumar, K},
  journal={Journal of Ambient Intelligence and Humanized Computing},
  volume={12},
  number={5},
  pages={4819--4826},
  year={2021},
  publisher={Springer}
}

@article{kang2021improving,
  title={Improving MACD technical analysis by optimizing parameters and modifying trading rules: evidence from the Japanese Nikkei 225 futures market},
  author={Kang, Byung-Kook},
  journal={Journal of Risk and Financial Management},
  volume={14},
  number={1},
  pages={37},
  year={2021},
  publisher={MDPI}
}

@article{karasu2022crude,
  title={Crude oil time series prediction model based on LSTM network with chaotic Henry gas solubility optimization},
  author={Karasu, Se{\c{c}}kin and Altan, Ayta{\c{c}}},
  journal={Energy},
  volume={242},
  pages={122964},
  year={2022},
  publisher={Elsevier}
}

@article{kelotra2020stock,
  title={Stock market prediction using optimized deep-convlstm model},
  author={Kelotra, Amit and Pandey, Prateek},
  journal={Big Data},
  volume={8},
  number={1},
  pages={5--24},
  year={2020},
  publisher={Mary Ann Liebert, Inc., publishers 140 Huguenot Street, 3rd Floor New~…}
}

@article{shamseddin2022mapping,
  title={Mapping dynamic changes in hydrological time series using the average directional index},
  author={Shamseddin, M Ahmed and Elmeski, H Abazar},
  journal={International Journal of River Basin Management},
  volume={20},
  number={1},
  pages={67--78},
  year={2022},
  publisher={Taylor \& Francis}
}

@article{nayak2015naive,
  title={A Na{\"\i}ve SVM-KNN based stock market trend reversal analysis for Indian benchmark indices},
  author={Nayak, Rudra Kalyan and Mishra, Debahuti and Rath, Amiya Kumar},
  journal={Applied Soft Computing},
  volume={35},
  pages={670--680},
  year={2015},
  publisher={Elsevier}
}

@article{ni2022does,
  title={Does board structure affect stock price overshooting informativeness measured by stochastic oscillator indicators?},
  author={Ni, Yensen and Cheng, Yirung and Liao, Yulu and Huang, Paoyu},
  journal={International Journal of Finance \& Economics},
  volume={27},
  number={2},
  pages={2290--2302},
  year={2022},
  publisher={Wiley Online Library}
}

@article{vaidya2018stochastic,
  title={Stochastic and Momentum Analysis of Nepalese Stock Market},
  author={Vaidya, Rashesh},
  journal={Journal of Nepalese Business Studies},
  volume={11},
  number={1},
  pages={14--22},
  year={2018}
}

@article{ijegwa2014predictive,
  title={A Predictive Stock Market Technical Analysis Using Fuzzy Logic.},
  author={Ijegwa, Acheme David and Vincent, Olufunke Rebecca and Folorunso, Olusegun and Isaac, Olusola Olasunkanmi},
  journal={Comput. Inf. Sci.},
  volume={7},
  number={3},
  pages={1--17},
  year={2014}
}

@inproceedings{de2016multi,
  title={Multi-objective optimization approach to stock market technical indicators},
  author={de Almeida, Ricardo and Reynoso-Meza, Gilberto and Steiner, Maria Teresinha Arns},
  booktitle={2016 IEEE congress on evolutionary computation (CEC)},
  pages={3670--3677},
  year={2016},
  organization={IEEE}
}

@inproceedings{wang2013soft,
  title={Soft-voting clustering ensemble},
  author={Wang, Haishen and Yang, Yan and Wang, Hongjun and Chen, Dahai},
  booktitle={Multiple Classifier Systems: 11th International Workshop, MCS 2013, Nanjing, China, May 15-17, 2013. Proceedings 11},
  pages={307--318},
  year={2013},
  organization={Springer}
}

@article{dietterich2002ensemble,
  title={Ensemble learning},
  author={Dietterich, Thomas G and others},
  journal={The handbook of brain theory and neural networks},
  volume={2},
  number={1},
  pages={110--125},
  year={2002},
  publisher={MIT press Cambridge, MA, USA}
}

@article{kim2015t,
  title={T test as a parametric statistic},
  author={Kim, Tae Kyun},
  journal={Korean journal of anesthesiology},
  volume={68},
  number={6},
  pages={540--546},
  year={2015},
  publisher={The Korean Society of Anesthesiologists}
}

@article{mcnemar1947note,
  title={Note on the sampling error of the difference between correlated proportions or percentages},
  author={McNemar, Quinn},
  journal={Psychometrika},
  volume={12},
  number={2},
  pages={153--157},
  year={1947},
  publisher={Springer-Verlag New York}
}

@article{strader2020machine,
  title={Machine learning stock market prediction studies: review and research directions},
  author={Strader, Troy J and Rozycki, John J and Root, Thomas H and Huang, Yu-Hsiang John},
  journal={Journal of International Technology and Information Management},
  volume={28},
  number={4},
  pages={63--83},
  year={2020}
}

@article{sheldon1996use,
  title={The use and interpretation of the Friedman test in the analysis of ordinal-scale data in repeated measures designs},
  author={Sheldon, Michael R and Fillyaw, Michael J and Thompson, W Douglas},
  journal={Physiotherapy Research International},
  volume={1},
  number={4},
  pages={221--228},
  year={1996},
  publisher={Wiley Online Library}
}

@inproceedings{fei2021z,
  title={Z-score normalization, hubness, and few-shot learning},
  author={Fei, Nanyi and Gao, Yizhao and Lu, Zhiwu and Xiang, Tao},
  booktitle={Proceedings of the IEEE/CVF International Conference on Computer Vision},
  pages={142--151},
  year={2021}
}

@article{patro2015normalization,
  title={Normalization: A preprocessing stage},
  author={Patro, SGOPAL and Sahu, Kishore Kumar},
  journal={arXiv preprint arXiv:1503.06462},
  year={2015}
}